
@article{bardolet2011,
  title = {Corporate Capital Allocation: A Behavioral Perspective},
  author = {Bardolet, David and Fox, Craig R and Lovallo, Dan},
  date = {2011},
  journaltitle = {Strategic Management Journal},
  volume = {32},
  number = {13},
  eprint = {901918054},
  eprinttype = {pmid},
  pages = {1465--1483},
  doi = {10/cn6xsb},
  isbn = {1097-0266}
}

@report{batteux2020,
  type = {SSRN Scholarly Paper},
  title = {Impressed by {{Numbers}}: The {{Extent}} to {{Which Novice Investors Favor Precise Numerical Information}} in a {{Context}} of {{Uncertainty}}},
  shorttitle = {Impressed by {{Numbers}}},
  author = {Batteux, Eleonore and Bilovich, Avri and Johnson, Samuel and Tuckett, David},
  date = {2020-05-07},
  number = {ID 3595409},
  institution = {{Social Science Research Network}},
  location = {{Rochester, NY}},
  doi = {10.2139/ssrn.3595409},
  url = {https://papers.ssrn.com/abstract=3595409},
  urldate = {2021-04-13}
}

@article{cousineau2014,
  title = {Error Bars in Within-Subject Designs: A Comment on {{Baguley}} (2012)},
  shorttitle = {Error Bars in Within-Subject Designs},
  author = {Cousineau, Denis and Oâ€™Brien, Fearghal},
  date = {2014-12-01},
  journaltitle = {Behavior Research Methods},
  shortjournal = {Behav Res},
  volume = {46},
  number = {4},
  pages = {1149--1151},
  issn = {1554-3528},
  doi = {10/f6vdsw},
  url = {https://doi.org/10.3758/s13428-013-0441-z},
  urldate = {2021-06-15}
}

@article{doumas2013,
  title = {Comparison and {{Mapping Facilitate Relation Discovery}} and {{Predication}}},
  author = {Doumas, Leonidas A. A. and Hummel, John E.},
  editor = {Sporns, Olaf},
  date = {2013-06-25},
  journaltitle = {PLoS ONE},
  shortjournal = {PLoS ONE},
  volume = {8},
  number = {6},
  pages = {1--8},
  publisher = {{Public Library of Science}},
  issn = {1932-6203},
  doi = {10/gjscsn},
  url = {https://dx.plos.org/10.1371/journal.pone.0063889},
  urldate = {2019-12-04}
}

@inproceedings{fox2008,
  title = {A Brief Critical History of {{NPV}}},
  booktitle = {{{BAA Conference}}},
  author = {Fox, Roland},
  date = {2008-04-01/2008-04-03},
  pages = {16},
  location = {{Blackpool, UK}},
  url = {http://usir.salford.ac.uk/id/eprint/9291/2/NPV_paper.pdf}
}

@article{galesic2010,
  title = {Statistical {{Numeracy}} for {{Health}}: A {{Cross}}-Cultural {{Comparison With Probabilistic National Samples}}},
  author = {Galesic, Mirta and Garcia-Retamero, Rocio},
  date = {2010},
  journaltitle = {Arch Intern Med},
  volume = {170},
  number = {5},
  pages = {462--468},
  doi = {10/fmj7q3}
}

@article{gentner1983,
  title = {Structure-{{Mapping}}: A {{Theoretical Framework}} for {{Analogy}}},
  author = {Gentner, Dedre},
  date = {1983},
  journaltitle = {Cognitive Science},
  volume = {7},
  number = {2},
  pages = {155--170},
  doi = {10/dw52z8},
  isbn = {1551-6709}
}

@article{gentner1997,
  title = {Structure Mapping in Analogy and Similarity},
  author = {Gentner, Dedre and Markman, Arthur B.},
  date = {1997},
  journaltitle = {American Psychologist},
  volume = {52},
  number = {1},
  pages = {45--56},
  doi = {10/fm4rrb},
  isbn = {1935-990X}
}

@article{graham2001,
  title = {The Theory and Practice of Corporate Finance: Evidence from the Field},
  shorttitle = {The Theory and Practice of Corporate Finance},
  author = {Graham, John R. and Harvey, Campbell R},
  date = {2001-05-01},
  journaltitle = {Journal of Financial Economics},
  shortjournal = {Journal of Financial Economics},
  series = {Complementary {{Research Methodologies}}: The {{InterPlay}} of {{Theoretical}}, {{Empirical}} and {{Field}}-{{Based Research}} in {{Finance}}},
  volume = {60},
  number = {2},
  eprint = {59332686},
  eprinttype = {pmid},
  pages = {187--243},
  issn = {0304-405X},
  doi = {10/fpdzrj},
  url = {https://www.sciencedirect.com/science/article/pii/S0304405X01000447},
  urldate = {2021-02-24},
  isbn = {0304405X}
}

@article{graham2015,
  title = {Capital Allocation and Delegation of Decision-Making Authority within Firms},
  author = {Graham, John R. and Harvey, Campbell R. and Puri, Manju},
  date = {2015-03-01},
  journaltitle = {Journal of Financial Economics},
  shortjournal = {Journal of Financial Economics},
  volume = {115},
  number = {3},
  pages = {449--470},
  issn = {0304-405X},
  doi = {10/gfvz8d},
  url = {https://www.sciencedirect.com/science/article/pii/S0304405X14002335},
  urldate = {2021-02-24}
}

@article{konold1993,
  title = {Inconsistencies in {{Students}}' {{Reasoning}} about {{Probability}}},
  author = {Konold, Clifford and Pollatsek, Alexander and Well, Arnold and Lohmeier, Jill and Lipson, Abigail},
  date = {1993-11},
  journaltitle = {Journal for Research in Mathematics Education},
  shortjournal = {Journal for Research in Mathematics Education},
  volume = {24},
  number = {5},
  eprint = {749150},
  eprinttype = {jstor},
  pages = {392},
  publisher = {{National Council of Teachers of Mathematics}},
  issn = {00218251},
  doi = {10/bq4hvm}
}

@article{lassaline1996,
  title = {Structural Alignment in Induction and Similarity},
  author = {Lassaline, Mary E},
  date = {1996},
  journaltitle = {Journal of Experimental Psychology: Learning, Memory, and Cognition},
  volume = {22},
  number = {3},
  pages = {754--770},
  publisher = {{American Psychological Association}},
  doi = {10/fq9fww}
}

@article{long2018,
  title = {Circle of {{Incompetence}}: Sense of {{Understanding}} as an {{Improper Guide}} to {{Investment Risk}}},
  author = {Long, Andrew R and Fernbach, Philip M and De Langhe, Bart},
  date = {2018},
  journaltitle = {Journal of Marketing Research},
  volume = {55},
  number = {4},
  pages = {474--488},
  doi = {10/gjscr7},
  url = {http://journals.ama.org/doi/10.1509/jmr.16.0429}
}

@article{lovallo2003,
  title = {Delusions of {{Success}}: How {{Optimism Undermines Executives}}' {{Decisions}}},
  author = {Lovallo, Dan and Kahneman, Daniel},
  date = {2003-07},
  journaltitle = {Harvard Business Review},
  volume = {81},
  number = {7},
  eprint = {12858711},
  eprinttype = {pmid}
}

@article{markman1993,
  title = {Structural {{Alignment}} during {{Similarity Comparisons}}},
  author = {Markman, Arthur B. and Gentner, Dedre},
  date = {1993-10},
  journaltitle = {Cognitive Psychology},
  shortjournal = {Cognitive Psychology},
  volume = {25},
  number = {4},
  pages = {431--467},
  issn = {00100285},
  doi = {10/cqtx7q},
  url = {https://linkinghub.elsevier.com/retrieve/pii/S001002858371011X},
  urldate = {2019-10-31},
  isbn = {0010-0285}
}

@article{markman1995,
  title = {Similarity and {{Alignment}} in {{Choice}}},
  author = {Markman, Arthur B. and Medin, Douglas L.},
  date = {1995-08},
  journaltitle = {Organizational Behavior and Human Decision Processes},
  shortjournal = {Organizational Behavior and Human Decision Processes},
  volume = {63},
  number = {2},
  pages = {117--130},
  issn = {07495978},
  doi = {10/c8z7r9},
  url = {https://linkinghub.elsevier.com/retrieve/pii/S0749597885710679},
  urldate = {2019-10-31},
  isbn = {0749-5978}
}

@article{markman2010,
  title = {Structural Comparison and Consumer Choice},
  author = {Markman, Arthur B. and Loewenstein, Jeffrey},
  date = {2010-04},
  journaltitle = {Journal of Consumer Psychology},
  shortjournal = {Journal of Consumer Psychology},
  volume = {20},
  number = {2},
  pages = {126--137},
  issn = {10577408},
  doi = {10/d7b49c},
  url = {http://doi.wiley.com/10.1016/j.jcps.2010.01.002},
  urldate = {2019-12-04}
}

@article{puri2007,
  title = {Optimism and Economic Choice},
  author = {Puri, Manju and Robinson, David T},
  date = {2007-10},
  journaltitle = {Journal of Financial Economics},
  volume = {86},
  number = {1},
  pages = {71--99},
  doi = {10/c9839j},
  url = {http://linkinghub.elsevier.com/retrieve/pii/S0304405X07001122}
}

@article{remer1993,
  title = {Survey of Project Evaluation Techniques Currently Used in Industry},
  author = {Remer, Donald S. and Stokdyk, Scott B. and Van Driel, Mike},
  date = {1993-08-01},
  journaltitle = {International Journal of Production Economics},
  shortjournal = {International Journal of Production Economics},
  volume = {32},
  number = {1},
  pages = {103--115},
  issn = {0925-5273},
  doi = {10/bsc6bs},
  url = {https://www.sciencedirect.com/science/article/pii/092552739390013B},
  urldate = {2021-04-25}
}

@report{rosenbaum2020,
  type = {preprint},
  title = {Extracting Summary Statistics of Rapid Numerical Sequences},
  author = {Rosenbaum, David Mitrani and Glickman, Moshe and Usher, Marius},
  date = {2020-07-30},
  institution = {{PsyArXiv}},
  doi = {10.31234/osf.io/6scav},
  url = {https://osf.io/6scav},
  urldate = {2021-02-11}
}

@report{vivalt2021,
  title = {How {{Do Policy}}-{{Makers Update Their Beliefs}}?},
  author = {Vivalt, Eva and Coville, Aidan},
  date = {2021-04-23},
  pages = {51},
  url = {http://evavivalt.com/wp-content/uploads/How-Do-Policymakers-Update.pdf}
}

@article{willigers2017,
  title = {The {{Net}}-{{Present}}-{{Value Paradox}}: Criticized by {{Many}}, {{Applied}} by {{All}}},
  shorttitle = {The {{Net}}-{{Present}}-{{Value Paradox}}},
  author = {Willigers, Bart J. A. and Jones, Benjamin and Bratvold, Reidar B.},
  date = {2017-10-01},
  journaltitle = {SPE Economics \& Management},
  volume = {9},
  number = {04},
  pages = {090--102},
  issn = {2150-1173},
  doi = {10/gjscsx},
  url = {http://www.onepetro.org/doi/10.2118/187937-PA},
  urldate = {2019-12-04}
}


